@article{carbone2018apacheFlink,
	title = {Apache Flink: {{Stream}} and Batch Processing in a Single Engine},
	shorttitle = {Apache Flink},
	author = {Carbone, Paris and Katsifodimos, Asterios and Ewen, Stephan and Markl, Volker and Haridi, Seif and Tzoumas, Kostas},
	date = {2015},
	journaltitle = {Bulletin of the IEEE Computer Society Technical Committee on Data Engineering},
	volume = {36},
	publisher = {{IEEE Computer Society}},
	number = {4}
} 
% TODO: remove dummy entry above

@article{challengesSW,
	title = {Examining the challenges of scientific workflows},
	author = {Y. Gil, E. Deelman, M. Ellisman, T. Fahringer, G. Fox, D. Gannon, C. Goble, M. Livny, L. Moreau, J. Myers},
	date = {2007},
	volume = {40},
	publisher = {{IEEE}},
	pages = {26--34}
} 
